@misc{gif,
  title = {GIF},
  key = {GIF},
  url = {http://en.wikipedia.org/wiki/Graphics\_Interchange\_Format},
  type = {web page},
  author = {CompuServe},
  note = "[cit. 2014-02-18]"
}

@misc{apngFrames,
  title = {APNGFRAMES},
  key = {APNGFRAMES},
  url = {http://littlesvr.ca/apng/inter-frame.html},
  type = {web page},
  author = {Andrew Smith},
  note = "[cit. 2015-05-01]"
}

@misc{html5video,
  title = {HTML5},
  key = {HTML5},
  url = {http://www.w3schools.com/html/html5\_video.asp},
  type = {web page},
  author = {W3C},
  note = "[cit. 2014-02-18]"
}

@misc{swf,
  title = {SWF},
  key = {SWF},
  url = {http://www.adobe.com/products/flashplayer.html},
  type = {web page},
  author = {Adobe},
  note = "[cit. 2014-02-18]"
}


@misc{flash,
  title = {Adobe Flash},
  key = {Adobe Flash},
  url = {http://www.adobe.com/products/flashplayer.html},
  type = {web page},
  author = {Adobe},
  note = "[cit. 2014-02-18]"
}

@misc{mobile,
  title = {Mobilní prohlížeče},
  key = {Mobilní prohlížeče},
  url = {http://www.adobe.com/products/flashplayer.html},
  type = {web page},
  author = {Adobe},
  note = "[cit. 2014-02-18]"
}



@misc{mp4,
  title = {MPEG-4},
  key = {MPEG-4},
  url = {http://www.adobe.com/products/flashplayer.html},
  type = {web page},
  author = {Adobe},
  note = "[cit. 2014-02-18]"
}


@misc{appleWebsite,
  title = {iPhone 5 website teardown: How Apple compresses video using JPEG, JSON, and <canvas>},
  key = {iPhone 5 website teardown: How Apple compresses video using JPEG, JSON, and <canvas>},
    url = {https://docs.google.com/document/pub?id=1GWTMLjqQsQS45FWwqNG9ztQTdGF48hQYpjQHR\_d1WsI},
  type = {web page},
  author = {@dbloom},
  note = "[cit. 2014-02-18]"
}

@misc{engadget,
  title = {How Apple's iPhone 5 website works},
  key = {How Apple's iPhone 5 website works},
    url = {http://www.engadget.com/2012/10/16/how-apples-iphone-5-website-works/},
  type = {web page},
  author = {Steven Sande},
  note = "[cit. 2014-02-18]"
}


@misc{apple,
  title = {Apple Inc.},
  key = {Apple Inc.},
    url = {http://apple.com},
  type = {web page},
  author = {Apple Inc.},
  note = "[cit. 2015-01-18]"
}

@misc{iphone5,
  title = {Apple iPhone 5},
  key = {Apple iPhone 5},
    url = {http://apple.com},
  type = {product},
  author = {Apple Inc.},
  note = "[cit. 2015-01-18]"
}


@misc{html5VideoSupport,
  title = {Can I Use: video},
  key = {Can I Use: video},
    url = {http://caniuse.com/##feat=video},
  type = {web page},
  author = {@Fyrd},
  note = "[cit. 2015-03-18]"
}



@misc{youtubeHtml5,
  title = {YouTube HTML5 Video Player},
  key = {YouTube HTML5 Video Player},
    url = {https://www.youtube.com/html5},
  type = {web page},
  author = {Google Inc.},
  note = "[cit. 2015-03-18]"
}
@misc{effectHtml5,
  title = {Jakub Sodomka Portfolio},
  key = {Jakub Sodomka Portfolio},
    url = {http://jakubsodomka.com},
  type = {web page},
  author = {Jakub Sodomka},
  note = "[cit. 2015-03-18]"
}

@misc{grunt,
  key = {grunt},
  title = {Grunt.js: The JavaScript Task Runner},
  key = {Grunt.js: The JavaScript Task Runner},
  note = {[cit. 2015-05-05]},
  url = {http://gruntjs.com/}
}


@misc{nose,
  key = {nose},
  title = {nose: nicer testing for python},
  note = {[cit. 2015-05-05]},
  url = {https://nose.readthedocs.org/en/latest/}
}


@misc{pylint,
  key = {pylint},
  title = {Pylint - code analysis for Python},
  note = {[cit. 2015-05-05]},
  url = {http://www.pylint.org}
}


@misc{CSS3,
  title = {Cascading Style Sheets},
  key = {Cascading Style Sheets},
  note = {[cit. 2015-05-05]},
  type = {web page},
  url = {http://en.wikipedia.org/wiki/Cascading\_Style\_Sheets}
}

@misc{ActionScript,
  title = {ActionScript},
  key = {ActionScript},
  note = {[cit. 2015-05-05]},
  type = {web page},
  url = {http://en.wikipedia.org/wiki/ActionScript}
}
@misc{javascript,
  title = {JavaScript},
  key = {JavaScript},
  note = {[cit. 2015-05-05]},
  type = {web page},
  url = {http://en.wikipedia.org/wiki/JavaScript}
}
@misc{python,
  title = {Python},
  key = {Python},
  note = {[cit. 2015-05-05]},
  type = {web page},
  url = {https://www.python.org/}
}
@misc{Java,
  title = {Java},
  key = {Java},
  note = {[cit. 2015-05-05]},
  type = {web page},
  url = {https://www.java.com/en/}
}
@misc{cplusplus,
  title = {C++},
  key = {C++},
  note = {[cit. 2015-05-05]},
  type = {web page},
  url = {http://en.wikipedia.org/wiki/C%2B%2B}
}
@misc{Scipy,
  title = {SciPy: Open Source Library of Scientific Tools},
  key = {SciPy: Open Source Library of Scientific Tools},
  note = {[cit. 2015-05-05]},
  type = {web page},
  url = {http://www.scipy.org}
}
@misc{pngquant,
  title = {pngquant — lossy PNG compressor},
  key = {pngquant — lossy PNG compressor},
  note = {[cit. 2015-05-05]},
  type = {web page},
  url = {https://pngquant.org}
}
@misc{jquery,
  title = {jQuery: The Write Less, Do More, JavaScript Library.},
  key = {jQuery: The Write Less, Do More, JavaScript Library.},
  note = {[cit. 2015-05-05]},
  type = {web page},
  url = {https://jquery.com}
}
@misc{c,
  title = {C (programming language)},
  key = {C (programming language)},
  note = {[cit. 2015-05-05]},
  type = {web page},
  url = {http://en.wikipedia.org/wiki/C\_(programming\_language)}
}

@misc{videolib,
  title = {FFmpeg - A complete, cross-platform solution to record, convert and stream audio and video.},
  key = {FFmpeg - A complete, cross-platform solution to record, convert and stream audio and video.},
  note = {[cit. 2015-05-05]},
  type = {web page},
  url = {https://www.ffmpeg.org}
}
@misc{make,
  title = {GNU Make},
  key = {GNU Make},
  note = {[cit. 2015-05-05]},
  type = {web page},
  url = {http://www.gnu.org/software/make/}
}
@misc{samsung,
  title = {Samsung Galaxy Trend},
  key = {Samsung Galaxy Trend},
  note = {[cit. 2015-05-05]},
  type = {web page},
  url = {http://www.samsung.com/in/consumer/mobile-devices/smartphones/others/GT-S7392MKAINU}
}
@misc{phpvspython,
  title = {Python vs. PHP},
  key = {Python vs. PHP},
  note = {[cit. 2015-05-05]},
  type = {web page},
  url = {https://wiki.python.org/moin/PythonVsPhp}
}


@misc{jslint,
  title = {JSLint:The JavaScript Code Quality Tool},
  key = {JSLint:The JavaScript Code Quality Tool},
  note = {[cit. 2015-05-05]},
  type = {web page},
  url = {http://www.jslint.com}
}

@misc{mocha,
  title = {Mocha - the fun, simple, flexible JavaScript test framework},
  key = {Mocha - the fun, simple, flexible JavaScript test framework},
  note = {[cit. 2015-05-05]},
  type = {web page},
  url = {http://mochajs.org}
}
@misc{jqueryplugin,
  title = {jQuery Plugin Registry},
  key = {jQuery Plugin Registry},
  note = {[cit. 2015-05-05]},
  type = {web page},
  url = {https://plugins.jquery.com}
}



@misc{PIL,
  title = {Python Imaging Library},
  key = {Python Imaging Library},
  note = {[cit. 2015-05-05]},
  type = {web page},
  url = {https://en.wikipedia.org/wiki/Python\_Imaging\_Library}
}
@misc{pip,
  title = {pip (package manager) },
  key = {pip (package manager) },
  note = {[cit. 2015-05-05]},
  type = {web page},
  url = {https://pip.pypa.io}
}




